<?xml version="1.0" encoding="UTF-8"?><record xmlns="http://www.loc.gov/MARC21/slim" xmlns:cinclude="http://apache.org/cocoon/include/1.0" xmlns:zs="http://www.loc.gov/zing/srw/">
  <leader>00710nz  a2200145n  4500</leader>
  <controlfield tag="001">n 2002033727</controlfield>
  <controlfield tag="003">DLC</controlfield>
  <controlfield tag="005">20020517112929.0</controlfield>
  <controlfield tag="008">020517n| acannaabn          |a ana      </controlfield>
  <datafield tag="010" ind1=" " ind2=" ">
    <subfield code="a">n 2002033727</subfield>
  </datafield>
  <datafield tag="040" ind1=" " ind2=" ">
    <subfield code="a">DLC</subfield>
    <subfield code="b">eng</subfield>
    <subfield code="c">DLC</subfield>
  </datafield>
  <datafield tag="110" ind1="2" ind2=" ">
    <subfield code="a">Sacramento Society of California Pioneers</subfield>
  </datafield>
  <datafield tag="510" ind1="2" ind2=" ">
    <subfield code="w">b</subfield>
    <subfield code="a">Sacramento Pioneer Association</subfield>
  </datafield>
  <datafield tag="670" ind1=" " ind2=" ">
    <subfield code="a">Gone to rest, 2001:</subfield>
    <subfield code="b">p. 136 (Sacramento Pioneer Association has been known by other names: 1854: Sacramento Pioneer Association; 1873-1966: Sacramento Society of California Pioneers; 1966: Sacramento Pioneer Foundation [no publs. in LC database]; 1970: Sacramento Pioneer Association)</subfield>
  </datafield>
  <datafield tag="670" ind1=" " ind2=" ">
    <subfield code="a">LC database, May 17, 2002</subfield>
    <subfield code="b">(hdg.: Sacramento Society of California Pioneers)</subfield>
  </datafield>
</record>